@article{Cohen1988MelScale,
    author       = {Leon Cohen, Douglas J. Nelson and S. Umesh},
    title        = {Fitting the Mel scale},
    journal      = {Acoustics, Speech, and Signal Processing},
    year         = {1988},
    volume       = {88},
    number       = {1},
    pages        = {1--4},
    doi          = {10.1109/ICASSP.1999.758101},
    url          = {https://www.researchgate.net/publication/3793925},
},
@article{SujithaP2020CepstralAnalysis,
    author       = {Sujitha P. S. and Gopi Kishore Pebbili},
    title        = {Cepstral Analysis of Voice in Young Adults},
    journal      = {Journal of Voice},
    year         = {2020},
    volume       = {36},
    number       = {1},
    pages        = {43--49},
    doi          = {NaN},
    url          = {https://doi.org/10.1016/j.jvoice.2020.03.010},
},
@article{Francesc2016FeatureExtraction,
    author       = {Francesc Alías, Joan Claudi Socoró and Xavier Sevillano},
    title        = {A Review of Physical and Perceptual Feature Extraction Techniques for Speech, Music and Environmental Sounds},
    journal      = {Applied Sciences},
    year         = {2016},
    volume       = {146},
    number       = {6},
    pages        = {1--44},
    doi          = {10.3390/app6050143},
    url          = {www.mdpi.com/journal/applsci},
},
@article{Jiang2003PCM,
    author       = {Jiang Hai and Er Meng Joo},
    title        = {Improved Linear Predictive Coding Method for Speech Recognition},
    journal      = {Fourth International Conference on Information, Communications and Signal Processing, 2003 and the Fourth Pacific Rim Conference on Multimedia.},
    year         = {2003},
    volume       = {3},
    number       = {1},
    pages        = {1614--1618},
    doi          = {10.1109/ICICS.2003.1292740},
    url          = {https://ieeexplore.ieee.org/abstract/document/1292740},
},
@article{Gowdy2000MelScaled,
    author       = {J.N. Gowdy and Z. Tufekci},
    title        = {MEL-SCALED DISCRETE WAVELET COEFFICIENTS FOR SPEECH RECOGNITION},
    journal      = { 2000 IEEE International Conference on Acoustics, Speech, and Signal Processing},
    year         = {2000},
    volume       = {3},
    number       = {1},
    pages        = {1351--1354},
    doi          = {10.1109/ICASSP.2000.861829},
    url          = {https://ieeexplore.ieee.org/document/861829},
},
@article{Abdul2022MFCC,
    author       = {Z. K. Abdul and A. K. Al-Talabani},
    title        = {Mel Frequency Cepstral Coefficient and its Applications: A Review},
    journal      = {IEEE Access},
    year         = {2022},
    volume       = {10},
    number       = {23},
    pages        = {122136-122158},
    doi          = {10.1109/ACCESS.2022.3223444},
    url          = {https://ieeexplore.ieee.org/document/9955539},
},
@article{Konduru2020FeatureExtraction,
    author       = {Koduru, A., Valiveti, H.B. & Budati, A.K.},
    title        = {Feature extraction algorithms to improve the speech emotion recognition rate},
    journal      = {Int J Speech Technol},
    year         = {2020},
    volume       = {23},
    number       = {1},
    pages        = {45--55},
    doi          = {https://doi.org/10.1007/s10772-020-09672-4},
    url          = {https://link.springer.com/article/10.1007/s10772-020-09672-4},
},
@article{Hwan2000FeatureExtraction,
    author       = {Jong-Hwan Lee, Ho-Young Jung, Te-Won Lee and Soo-Young Lee},
    title        = {Speech feature extraction using independent component analysis},
    journal      = {2000 IEEE International Conference on Acoustics, Speech, and Signal Processing. Proceedings (Cat. No.00CH37100)},
    year         = {2000},
    volume       = {3},
    number       = {1},
    pages        = {1631-1634},
    doi          = {10.1109/ICASSP.2000.862023},
    url          = {https://ieeexplore.ieee.org/document/862023},
},
@article{Abdi2010PCA,
    author       = {Hervé Abdi and Lynne J. Williams},
    title        = {Principal component analysis},
    journal      = {Wires computational statistics},
    year         = {2010},
    volume       = {2},
    number       = {4},
    pages        = {433--459},
    doi          = {10.1002/wics.101},
    url          = {https://wires.onlinelibrary.wiley.com/doi/10.1002/wics.101},
}
@article{Hui2019MFCCandPLP,
    author       = {Jonathan Hui},
    title        = {Speech Recognition — Feature Extraction MFCC and PLP},
    journal      = {Medium},
    year         = {2019},
    url          = {https://jonathan-hui.medium.com/speech-recognition-feature-extraction-mfcc-plp-5455f5a69dd9},
},
@article{Leland2020MelSpectogram,
    author       = {Leland Roberts},
    title        = {Understanding the Mel Spectogram},
    journal      = {Medium},
    year         = {2020},
    url          = {https://medium.com/analytics-vidhya/understanding-the-mel-spectrogram-fca2afa2ce53},
},









